@misc{lstm-blog,
	author = {Christopher Olah},
	title = {Understanding LSTM Networks},
	url = {http://colah.github.io/posts/2015-08-Understanding-LSTMs},
	year = {2015},
}

@misc{rnn-blog,
	author = {Denny Britz},
	title = {Recurrent Neural Networks Tutorial},
	url = {http://www.wildml.com/2015/09/recurrent-neural-networks-tutorial-part-1-introduction-to-rnns},
	year = {2015},
}

@article{Char_embedding,
	author = {Yoon Kim},
	title = {Convolutional neural networks for sentence classification},
	journal = {EMNLP},
	year = {2014},
}

@article{bidaf,
	author = {Minjoon Seo and Aniruddha Kembhavi and Ali Farhad and Hananneh Hajishirzi},
	title = {Bi-Direction Attention Flow for Machine Comprehension},
	journal = {arXiv},
	year = {2017},
}

@article{fastqa,
	author = {Dirk Weissenborn and Georg Wiese and Laura Seiffe},
	title = {Making Neural QA as Simple as Possible but not Simpler},
	journal = {arXiv},
	year = {2017},
}

@inproceedings{glove,
  author = {Jeffrey Pennington and Richard Socher and Christopher D. Manning},
  booktitle = {Empirical Methods in Natural Language Processing (EMNLP)},
  title = {GloVe: Global Vectors for Word Representation},
  year = {2014},
  pages = {1532--1543},
  url = {http://www.aclweb.org/anthology/D14-1162},
}

@article{squad,
	author = {Pranav Rajpurkar and Jian Zhang and Konstantin Lopyrev and Percy Liang},
	title = {SQuAD: 100,000+ Questions for Machine Comprehension of Text},
	journal = {arXiv},
	volume = {abs/1606.05250},
	year = {2016},
	ee = {http://arxiv.org/abs/1606.05250}
}

@article{match-lstm,
	author    = {Shuohang Wang and Jing Jiang},
	title     = {Learning Natural Language Inference with {LSTM}},
	journal   = {CoRR},
	volume    = {abs/1512.08849},
	year      = {2016},
	url       = {http://arxiv.org/abs/1512.08849},
	archivePrefix = {arXiv},
	eprint    = {1512.08849},
	timestamp = {Wed, 07 Jun 2017 14:40:43 +0200},
	biburl    = {http://dblp.org/rec/bib/journals/corr/WangJ15b},
	bibsource = {dblp computer science bibliography, http://dblp.org}
}

@article{match-lstm-mc,
	author    = {Shuohang Wang and Jing Jiang},
	title     = {Machine Comprehension Using Match-LSTM and Answer Pointer},
	journal   = {CoRR},
	volume    = {abs/1608.07905},
	year      = {2016},
	url       = {http://arxiv.org/abs/1608.07905},
	archivePrefix = {arXiv},
	eprint    = {1608.07905},
	timestamp = {Wed, 07 Jun 2017 14:40:40 +0200},
	biburl    = {http://dblp.org/rec/bib/journals/corr/WangJ16a},
	bibsource = {dblp computer science bibliography, http://dblp.org}
}

@article{lstm,
	author = {Hochreiter, Sepp and Schmidhuber, Jurgen},
	title = {Long Short-Term Memory},
	journal = {Neural Computation},
	issue_date = {November 15, 1997},
	volume = {9},
	number = {8},
	month = nov,
	year = {1997},
	issn = {0899-7667},
	pages = {1735--1780},
	numpages = {46},
	url = {http://dx.doi.org/10.1162/neco.1997.9.8.1735},
	doi = {10.1162/neco.1997.9.8.1735},
	acmid = {1246450},
	publisher = {MIT Press},
	address = {Cambridge, MA, USA},
}

@misc{match-lstm-m,
	author = {Michael Graczyk},
	title = {Implementation and Analysis of Match-LSTM for SQuAD},
	year = {2017},
	url = {https://web.stanford.edu/class/cs224n/reports/2761882.pdf}
}

@misc{r-net,
	title = {R-Net: Machine Reading Comprehension with Self-Matching Networks},
	author = {Research Asia, Microsoft},
	url = {https://www.microsoft.com/en-us/research/wp-content/uploads/2017/05/r-net.pdf},
	year = {2017}
}

@article{attention,
    author = {Ashish Vaswani and Noam Shazeer and Niki Parmar and Jakob Uszkoreit and Llion Jones and Aidan N. Gomez and Lukasz Kaiser and Illia Polosukhin},
    title = {Attention Is All You Need},
    year = {2017},
	url = {https://arxiv.org/abs/1706.03762},
	journal = {ArXiv e-prints},
    archivePrefix = {arXiv},
	eprint = {1706.03762},
}

@article{iss,
  author    = {Wei Wen and Yuxiong He and Samyam Rajbhandari and Wenhan Wang and Fang Liu and Bin Hu and Yiran Chen and Hai Li},
  title     = {Learning Intrinsic Sparse Structures within Long Short-term Memory},
  journal   = {CoRR},
  volume    = {abs/1709.05027},
  year      = {2017},
  url       = {http://arxiv.org/abs/1709.05027},
  archivePrefix = {arXiv},
  eprint    = {1709.05027},
  timestamp = {Thu, 05 Oct 2017 09:42:58 +0200},
  biburl    = {http://dblp.org/rec/bib/journals/corr/abs-1709-05027},
  bibsource = {dblp computer science bibliography, http://dblp.org}
}

@article{pointernet,
	author = {Oriol Vinyals and Meire Fortunato and Navdeep Jaitly},
	title = {Pointer Networks},
	year = {2015},
	url = {https://arxiv.org/abs/1506.03134},
	journal = {ArXiv e-prints},
	archivePrefix = {arXiv},
	eprint = {1506.03134},
}
